@book{albright2010,
  author    = {Lyle Albright},
  title     = {Albright's Chemical Engineering Handbook},
  publisher = {CRC Press},
  year      = {2010},
  pages     = {457},
  note      = {Table 5.13},
}

@book{anderson,
  author = {Anderson, John D.},
  title = {Modern Compressible Flow: With Historical Perspective},
  edition = {3rd},
  year = {2003},
  publisher = {McGraw-Hill}
}

@book{atkins2006,
  author = {Atkins, Peter and de Paula, Julio},
  title = {Atkins' Physical Chemistry},
  edition = {8th},
  year = {2006},
  publisher = {Oxford University Press}
}

@book{bird1994,
  author = {Bird, G. A.},
  title = {Molecular Gas Dynamics and the Direct Simulation of Gas Flows},
  year = {1994},
  publisher = {Oxford Science Publications}
}

@article{dailymail2018issleak,
    title = {Astronaut forced to plug ISS leak with FINGER as crew use tape to patch hole},
    author = {{Daily Mail}},
    year = {2018},
    url = {https://www.dailymail.co.uk/sciencetech/article-6116245/Astronaut-forced-plug-ISS-leak-FINGER-crew-use-tape-patch-hole.html},
    note = {Accessed: 2024-11-03}
}

@misc{esa2024,
  title = {Double trouble: Gaia hit by micrometeoroid and solar storm},
  author = {{European Space Agency}},
  year = {2024},
  url = {https://www.esa.int/Enabling_Support/Operations/Double_trouble_Gaia_hit_by_micrometeoroid_and_solar_storm},
  note = {Accessed: 2024-11-03}
}

@article{guardian2018issleak,
    title = {International Space Station crew repair leak in Russian craft},
    author = {{The Guardian}},
    year = {2018},
    url = {https://www.theguardian.com/science/2018/aug/31/international-space-station-crew-repair-leak-in-russian-craft},
    note = {Accessed: 2024-11-03}
}

@misc{jwst2022,
  title = {Micrometeoroid damage to James Webb Space Telescope imaged for first time},
  author = {Astronomy.com},
  year = {2023},
  url = {https://www.astronomy.com/science/micrometeoroid-damage-to-james-webb-space-telescope-imaged-for-first-time/},
  note = {Published: 2022-07-15; Last updated: 2023-05-18; Accessed: 2024-11-03}
}

@misc{nasa_cal,
  author = {{NASA Glenn Research Center}},
  title = {Choked Flow: Mass Flow Rate},
  year = {2024},
  url = {https://www.grc.nasa.gov/www/k-12/airplane/mflchk.html},
  note = {Accessed: 2024-11-03}
}

@article{nasaspaceflight2018issleak,
    title = {Soyuz Station Leak: No Threat to Crew as Repairs Continue},
    author = {{NASA Spaceflight}},
    year = {2018},
    url = {https://www.nasaspaceflight.com/2018/08/soyuz-station-leak-no-threat-repairs-continue/},
    note = {Accessed: 2024-11-03}
}

@misc{nasa2024,
  title = {Space Debris},
  author = {NASA},
  year = {2024},
  url = {https://www.nasa.gov/headquarters/library/find/bibliographies/space-debris/},
  note = {Accessed: 2024-11-03}
}

@book{usgovt,
  author = {{U.S. Government Printing Office}},
  title = {{U.S. Standard Atmosphere, 1976}},
  year = {1976},
  publisher = {National Oceanic and Atmospheric Administration (NOAA), National Aeronautics and Space Administration (NASA), and United States Air Force}
}

@misc{wiki2024,
  title = {International Space Station},
  author = {{Wikipedia contributors}},
  year = {2024},
  url = {https://en.wikipedia.org/wiki/International_Space_Station},
  note = {Accessed: 2024-11-03}
}

@misc{wustl2024,
  title = {Meteors},
  author = {Washington University in St. Louis},
  year = {2024},
  url = {https://sites.wustl.edu/meteoritesite/items/meteors/},
  note = {Accessed: 2024-11-03}
}